@article{LeCun2015DeepL,
  title={Deep Learning},
  author={Yann LeCun and Yoshua Bengio and Geoffrey Hinton},
  journal={Nature},
  year={2015},
  volume={521},
  pages={436-444}
}

@inproceedings{Murphy2012MachineL,
  title={Machine learning - a probabilistic perspective},
  author={Kevin P. Murphy},
  booktitle={Adaptive computation and machine learning series},
  year={2012}
}

@article{Krizhevsky2012ImageNetCW,
  title={ImageNet classification with deep convolutional neural networks},
  author={Alex Krizhevsky and Ilya Sutskever and Geoffrey E. Hinton},
  journal={Communications of the ACM},
  year={2012},
  volume={60},
  pages={84 - 90}
}
@inproceedings{Vaswani2017AttentionIA,
  title={Attention is All you Need},
  author={Ashish Vaswani and Noam M. Shazeer and Niki Parmar and Jakob Uszkoreit and Llion Jones and Aidan N. Gomez and Lukasz Kaiser and Illia Polosukhin},
  booktitle={NIPS},
  year={2017}
}